@manual{praktikum5_kernteilchenphysik,
  title        = {Praktikumsanleitung zu Versuch 5: Kern- und Teilchenphysik},
  author       = {{Physikalisches Institut der Universität Bonn}},
  organization = {Universität Bonn},
  year         = {2024},  
}

@misc{elektronikpraktikum_uni_bonn,
  title        = {Elektronikpraktikum},
  author       = {{Physikalisches Institut der Universität Bonn}},
  year         = {2023},  % Setze hier das Jahr, in dem du das Praktikum gemacht hast
  note         = {Universität Bonn, Physikalisches Institut}
}

@misc{OrtecSCA,
  title        = {ORTEC MODEL 551
TIMING SINGLE-CHANNEL ANALYZER},
  author       = {{Ortec}},
}

@online{BachelorarbeitSzinti,
  author    = {{David Spülbeck}},
  title     = {Untersuchungen zur Energieauflösung des
zentralen Szintillationsdetektors des BGO-OD
Experiments},
  year      = {2018},
  url       = {https://www.pi.uni-bonn.de/schmieden/medien/medien-ergebnisse/bachelorarbeit_davidspuelbeck.pdf},
  note      = {Zugriff am: 11. November 2024}
}

@online{VorlesungSzinti,
  author    = {{Univ.Doz.DI.Dr. Manfred Krammer}},
  title     = {Detektoren in der Hochenergiephysik},
  url       = {https://web-docs.gsi.de/~wolle/Schuelerlabor/TALKS/DETEKTOREN/VO-5-Szintillatoren.pdf},
  note      = {Zugriff am: 11. November 2024}
}